 RH08982AEN6D080825INBK5389029800100606                                                                            08982
 610000001             0000093001                14A0898262320034000000459EUR010625C000000002398,44IT61                 
 620000001001040625040625D000000000456,1026                                           DISPOSIZIONE BONIFICO - SCT Coordi
 630000001001nate benef: IT91W0398282920031000001999 A fav: I.E. Timpanni srl - Via 7 X.lli zervi, 99 - Abano Terme ID.M
 630000001001SG.:BQ53eKmU04062025094232 ID.END TO END:270525-113603-1-315-D001 RICON.1.: Fatt. FPR 221/25               
 620000001002040625040625D000000001294,8826                                           DISPOSIZIONE BONIFICO - SCT Coordi
 630000001002nate benef: IT68J0898262310034000001509 A fav: Iconomadigimon srl - Via Xyz Conchig, 6/7 - Abano Terme ID.M
 630000001002SG.:ee1ZSwwP04062025095841 ID.END TO END:040625-094419-1-31-D001 RICON.1.: Fatt. FPR 682/25                
 620000001003110625110625C000000000211,2648                                           Ordinante: AIRPLANE OBLOT Causale:
 630000001003 ACCREDITO BONIFICO - SCT Rata extra 2024/2025 a Saldo 5913865620100000480160062680IT Data ordine: 11/06/20
 63000000100325 IBAN ordinante: IT89S0307501603CC8009118233 Indirizzo ordinante: VIA XYZ DELAINE 1-A - MONTEGROTTO TERME
 630000001003 ID End to End: NOTPROVIDED                                                                                
 640000001EUR080825C000000014642,37C000000014642,37                                                                     
 EF08982AEN6D080825INBK5389029800100606      0000001                              0000321                         080825
